<record><leader>00000cas a22000007a 4500</leader><controlfield tag="001">13789967</controlfield><controlfield tag="008">860627d19291929inuwr ne      0    0pol d</controlfield><datafield ind1=" " ind2=" " tag="010"><subfield code="a">sn 86058266 </subfield></datafield><datafield ind1=" " ind2=" " tag="040"><subfield code="a">NPI</subfield><subfield code="b">eng</subfield><subfield code="c">NPI</subfield><subfield code="d">OCLCQ</subfield></datafield><datafield ind1=" " ind2=" " tag="042"><subfield code="a">msc</subfield></datafield><datafield ind1="0" ind2="0" tag="245"><subfield code="a">Rekord tygodniowy =</subfield><subfield code="b">The Polish weekly record.</subfield></datafield><datafield ind1="3" ind2="0" tag="246"><subfield code="a">Polish weekly record</subfield></datafield><datafield ind1=" " ind2=" " tag="260"><subfield code="a">Gary, Ind. :</subfield><subfield code="b">Record Pub. Co.,</subfield><subfield code="c">1929.</subfield></datafield><datafield ind1=" " ind2=" " tag="300"><subfield code="a">v. :</subfield><subfield code="b">ill.</subfield></datafield><datafield ind1=" " ind2=" " tag="310"><subfield code="a">Weekly</subfield></datafield><datafield ind1="0" ind2=" " tag="362"><subfield code="a">Vol. 1, no. 1 (Jan. 27, 1929)-v. 1, no. 3 (Feb. 10, 1929).</subfield></datafield><datafield ind1=" " ind2=" " tag="500"><subfield code="a">Published for the Gary, East Chicago, and Indiana harbor area.</subfield></datafield><datafield ind1=" " ind2=" " tag="752"><subfield code="a">United States</subfield><subfield code="b">Indiana</subfield><subfield code="c">Lake</subfield><subfield code="d">Gary.</subfield></datafield><datafield ind1="0" ind2="0" tag="785"><subfield code="t">Rekord</subfield><subfield code="w">(DLC)sn 86058655</subfield></datafield></record>